@thesis{tesis,
	author = "Bailón Giler Cristina Lizeth and Delgado Castro Nexar Javier and Resabala Córdova Mayra Alejandra and Resabala Córdova Olga Isabel",
	title = "Instalación y {C}onfiguración de {E}quipos {I}nformáticos bajo {S}oftware {L}ibre parala {B}iblioteca de la {F}acultad de {C}iencias {I}nformáticas de la {U}niversidad {T}écnica de {M}anabí",
	type = "TESIS DE GRADO",
	institution = "Universidad Técnica de Manabí",
	date = "2010",
	pages = "1-67",
	url="https://1library.co/document/4yr1o87q-universidad-tecnica-de-manabi-facultad-de-ciencias-informaticas.html",
}

@article{Hobbyists,
	author = "By William Henry Gates III",
	title = "An {O}pen {L}etter to {H}obbyists",
	journaltitle = "An Open Letter to Hobbyists",
	date = "1976",
	editor = "Micro-Soft",
	language = "English",
	origlanguage = "English",
	month = "February",
	pages = "1",
	url = "http://www.blinkenlights.com/classiccmp/gateswhine.html",

}

@article{gnu,
	author = "Free Software Foundation",
	title = "Historia de GNU",
	journaltitle = "El Proyecto GNUs",
	date = "2021",
	editor = "Free Software Foundationt",
	language = "Spanish",
	origlanguage = "English",
	month = "December",
	url = "https://www.gnu.org/gnu/thegnuproject.html",
	
}

@article{licencias,
	author = "By Santiago Becerra Carrillo",
	title = "Lista de licencias con comentarios",
	date = "2022",
	editor = "Free Software Foundation, Inc.t",
	language = "Spanish",
	origlanguage = "English",
	month = "January",
	url = "https://www.gnu.org/gnu/thegnuproject.html",
	
}

@article{sl,
	author = "By Richard Stallman",
	title = "¿Qué es el Software Libre?",
	date = "2001",
	editor = "Free Software Foundationt, inc.",
	language = "Spanish",
	origlanguage = "English",
	month = "June",
	url = "https://www.gnu.org/philosophy/free-sw.es.html",
	
}

@article{Debian,
	author = "By Fernando Ribeiro",
	title = "Cómo {I}nstalar un {S}ervidor {L}inux con {D}ebian 10 '{B}uster'",
	date = "2022-04-07",
	editor = "servidordebian.",
	language = "Spanish",
	origlanguage = "English",
	month = "April",
	pages = "1-7",
	url = "https://servidordebian.org/es/start?do=backlink",
	
}

@article{educación,
	author = "Free Software Foundation",
	title = "Why {E}ducational {I}nstitutions {S}hould {U}se and {T}each {F}ree {S}oftware",
	date = "2021/06/01",
	editor = "Free Software Foundation, Inc.",
	language = "English",
	origlanguage = "English",
	month = "June",
	pages = "1",
	url = "https://servidordebian.org/es/start?do=backlink",
	
}


@article{nextcloud,
	author = "Nextcloud GmbH",
	title = " Nextcloud {S}erver {A}dministration {M}anual",
	journaltitle = "The {N}extcloud {D}evelopers",
	date = "2022",
	editor = "Nextcloud.",
	language = "English",
	origlanguage = "English",
	month = "Jul 09",
	pages = "1-351",
	url = "https://docs.nextcloud.com/server/latest/Nextcloud_Server_Administration_Manual.pdf",
	
}


@article{emby,
	author = "Emby LLC.",
	title = "Emby {S}erver for {D}ocker",
	journaltitle = "Emby Server for Dockers",
	date = " 3 days ago 2022",
	editor = "Emby LLC.",
	language = "English",
	origlanguage = "English",
	month = "3 days ago",
	url = "https://emby.media/docker-server.htmlr",
	
}

@article{installDebian,
	author = "Debian org	.",
	title = "Guía {D}ebian {GNU}/{L}inux de instalación",
	journaltitle = "Guía Debian GNU/Linux de instalación",
	date = " 2022-01-29",
	editor = "debian.org.",
	language = "Spanish",
	origlanguage = "English",
	month = "January 29",
	pages = "1-x",
	url = "https://www.debian.org/releases/stable/amd64/",
	
}

@article{Administración,
	author = "Alejandro Lopez.",
	title = "Administración {GNU}/{L}inux 2",
	journaltitle = "Tecnicatura Universitaria en Software Libre",
	editor = "Alejandro Lopez.",
	language = "Spanish",
	origlanguage = "Spanish",
	pages = "x",
	
}

@article{redes,
	author = "Celeste Weidman.",
	title = "Redes",
	journaltitle = "Tecnicatura Universitaria en Software Libre",
	editor = "Celeste Weidman.",
	language = "Spanish",
	origlanguage = "Spanish",
	pages = "x",
	
}
